@software{grpc,
	title = {grpc},
	author = {gRPC Authors},
	url = {https://grpc.io},
	urldate = {2023-03-14},
	date = {2023-03-14},
}

@software{protobuf,
	title = {protobuf},
	author = {Google},
	url = {https://protobuf.dev},
	urldate = {2023-03-14},
	date = {2023-03-14},
}

@software{tokio,
	title = {tokio},
	author = {Carl Lerche},
	url = {https://tokio.rs},
	urldate = {2023-03-14},
	date = {2023-03-14},
}

@software{tonic,
	title = {tonic},
	author = {Lucio Franco},
	url = {https://github.com/hyperium/tonic},
	urldate = {2023-03-14},
	date = {2023-03-14},
}

@software{rust,
    title = {rust},
	author = {The Rust Team},
    url = {https://www.rust-lang.org},
    urldate = {2023-03-14},
	date = {2023-03-14},
}


@misc{sqlite,
	title = {Transaction},
    author = {SQLite},
	url = {https://www.sqlite.org/lang_transaction.html},
	urldate = {2023-03-15},
}

@misc{postgres,
	title = {{SELECT}},
    author = {PostgreSQL},
	url = {https://www.postgresql.org/docs/15/sql-select.html},
	abstract = {SELECT SELECT, TABLE, WITH — retrieve rows from a table or view Synopsis [ WITH [ RECURSIVE ] with\_query [, …},
	language = {en},
	urldate = {2023-03-15},
	journal = {PostgreSQL Documentation},
	month = feb,
	year = {2023},
}

@misc{mysql,
	title = {{15.7.2.4 Locking Reads}},
    author = {MySQL},
	language = {en},
	url = {https://dev.mysql.com/doc/refman/8.0/en/innodb-locking-reads.html},
	urldate = {2023-03-15},
	journal = {MySQL 8.0 Reference Manual},
 	month = mar,
	year = {2023},
}
